<record><leader>00000cas a22000007a 4500</leader><controlfield tag="001">11049016</controlfield><controlfield tag="008">840813u194uuuuunyuwr ne     f0    0eng d</controlfield><datafield ind1=" " ind2=" " tag="010"><subfield code="a">sn 84031503 </subfield></datafield><datafield ind1=" " ind2=" " tag="040"><subfield code="a">NYG</subfield><subfield code="b">eng</subfield><subfield code="c">NYG</subfield><subfield code="d">OCL</subfield><subfield code="d">OCLCQ</subfield><subfield code="d">OCLCO</subfield></datafield><datafield ind1="1" ind2=" " tag="029"><subfield code="a">AU@</subfield><subfield code="b">000026649715</subfield></datafield><datafield ind1=" " ind2=" " tag="042"><subfield code="a">msc</subfield></datafield><datafield ind1="0" ind2=" " tag="130"><subfield code="a">Yank (Middle Pacific ed.)</subfield></datafield><datafield ind1="1" ind2="0" tag="245"><subfield code="a">Yank.</subfield></datafield><datafield ind1=" " ind2=" " tag="250"><subfield code="a">Middle Pacific ed.</subfield></datafield><datafield ind1=" " ind2=" " tag="260"><subfield code="a">[New York, N.Y. :</subfield><subfield code="b">Branch Office, Information &amp; Education Division, War Dept.]</subfield></datafield><datafield ind1=" " ind2=" " tag="300"><subfield code="a">v. :</subfield><subfield code="b">ill.</subfield></datafield><datafield ind1=" " ind2=" " tag="310"><subfield code="a">Weekly</subfield></datafield><datafield ind1=" " ind2=" " tag="500"><subfield code="a">"The Army weekly."</subfield></datafield><datafield ind1=" " ind2=" " tag="500"><subfield code="a">"By the men ... for the men in the service."</subfield></datafield><datafield ind1=" " ind2=" " tag="530"><subfield code="a">Available on microfilm from New York Public Library.</subfield></datafield><datafield ind1=" " ind2=" " tag="588"><subfield code="a">Description based on: Vol. 4, no. 16 (Oct. 5, 1945).</subfield></datafield><datafield ind1="1" ind2=" " tag="710"><subfield code="a">United States.</subfield><subfield code="b">Armed Forces Information and Education Division.</subfield></datafield><datafield ind1=" " ind2=" " tag="752"><subfield code="a">United States</subfield><subfield code="b">New York</subfield><subfield code="c">New York</subfield><subfield code="d">New York.</subfield></datafield></record>